@book{akerkar2013big,
  title={Big data computing},
  author={Akerkar, Rajendra},
  year={2013},
  publisher={Crc Press}
}

@INPROCEEDINGS{6567202,
author={S. Sagiroglu and D. Sinanc},
booktitle={2013 International Conference on Collaboration Technologies and Systems (CTS)},
title={Big data: A review},
year={2013},
volume={},
number={},
pages={42-47},
keywords={data analysis;data privacy;data storage;data analysis;data visualization;big data content;big data scope;big data sample;big data method;big data advantage;big data challenge;big data privacy;Data storage systems;Information management;Data handling;Security;Organizations;Data models;big data;volume;variety;velocity;verification;value},
doi={10.1109/CTS.2013.6567202},
ISSN={},
month={May},}

@manual{IntelIT,
author={Intel IT Center},
title={"Planning Guide: Getting Started with Hadoop"},
year={2012},
month={June}}

@article{manyika2011big,
  title={Big data: The next frontier for innovation, competition, and productivity},
  author={Manyika, James and Chui, Michael and Brown, Brad and Bughin, Jacques and Dobbs, Richard and Roxburgh, Charles and Byers, Angela H},
  year={2011}
}

@article{ceravolo2018big,
  title={Big Data Semantics},
  author={Ceravolo, Paolo and Azzini, Antonia and Angelini, Marco and Catarci, Tiziana and Cudr{\'e}-Mauroux, Philippe and Damiani, Ernesto and Mazak, Alexandra and Van Keulen, Maurice and Jarrar, Mustafa and Santucci, Giuseppe and others},
  journal={Journal on Data Semantics},
  volume={7},
  number={2},
  pages={65--85},
  year={2018},
  publisher={Springer}
}

@inproceedings{Bondi,
 author = {Bondi, Andr{\'e} B.},
 title = {Characteristics of Scalability and Their Impact on Performance},
 booktitle = {Proceedings of the 2Nd International Workshop on Software and Performance},
 series = {WOSP '00},
 year = {2000},
 isbn = {1-58113-195-X},
 location = {Ottawa, Ontario, Canada},
 pages = {195--203},
 numpages = {9},
 url = {http://doi.acm.org/10.1145/350391.350432},
 doi = {10.1145/350391.350432},
 acmid = {350432},
 publisher = {ACM},
 address = {New York, NY, USA},
 keywords = {load scalability, performance, structural and space scalability},
} 

@Article{Singh2014,
author="Singh, Dilpreet
and Reddy, Chandan K.",
title="A survey on platforms for big data analytics",
journal="Journal of Big Data",
year="2014",
month="Oct",
day="09",
volume="2",
number="1",
pages="8",
abstract="The primary purpose of this paper is to provide an in-depth analysis of different platforms available for performing big data analytics. This paper surveys different hardware platforms available for big data analytics and assesses the advantages and drawbacks of each of these platforms based on various metrics such as scalability, data I/O rate, fault tolerance, real-time processing, data size supported and iterative task support. In addition to the hardware, a detailed description of the software frameworks used within each of these platforms is also discussed along with their strengths and drawbacks. Some of the critical characteristics described here can potentially aid the readers in making an informed decision about the right choice of platforms depending on their computational needs. Using a star ratings table, a rigorous qualitative comparison between different platforms is also discussed for each of the six characteristics that are critical for the algorithms of big data analytics. In order to provide more insights into the effectiveness of each of the platform in the context of big data analytics, specific implementation level details of the widely used k-means clustering algorithm on various platforms are also described in the form pseudocode.",
issn="2196-1115",
doi="10.1186/s40537-014-0008-6",
url="https://doi.org/10.1186/s40537-014-0008-6"
}

@misc{milojicic2002peer,
  title={Peer-to-peer computing},
  author={Milojicic, Dejan S and Kalogeraki, Vana and Lukose, Rajan and Nagaraja, Kiran and Pruyne, Jim and Richard, Bruno and Rollins, Sami and Xu, Zhichen},
  year={2002},
  publisher={Technical Report HPL-2002-57, HP Labs}
}

@book{steinmetz2005peer,
  title={Peer-to-peer systems and applications},
  author={Steinmetz, Ralf and Wehrle, Klaus},
  volume={3485},
  year={2005},
  publisher={Springer}
}

@misc{borthakurhdfs,
  title={HDFS architecture guide. HADOOP APACHE PROJECT (2008)},
  author={Borthakur, D}
}

@inproceedings{vavilapalli2013apache,
  title={Apache hadoop yarn: Yet another resource negotiator},
  author={Vavilapalli, Vinod Kumar and Murthy, Arun C and Douglas, Chris and Agarwal, Sharad and Konar, Mahadev and Evans, Robert and Graves, Thomas and Lowe, Jason and Shah, Hitesh and Seth, Siddharth and others},
  booktitle={Proceedings of the 4th annual Symposium on Cloud Computing},
  pages={5},
  year={2013},
  organization={ACM}
}

@misc{spanish,
title={Big Data: El ecosistema b√°sico en las empresas.},
author={Leonel Atencio Salazar}}

@article{dean2008mapreduce,
  title={MapReduce: simplified data processing on large clusters},
  author={Dean, Jeffrey and Ghemawat, Sanjay},
  journal={Communications of the ACM},
  volume={51},
  number={1},
  pages={107--113},
  year={2008},
  publisher={ACM}
}

@inproceedings{bakshi2012considerations,
  title={Considerations for big data: Architecture and approach},
  author={Bakshi, Kapil},
  booktitle={Aerospace Conference, 2012 IEEE},
  pages={1--7},
  year={2012},
  organization={IEEE}
}

@misc{hadoop1,
title={Apache Hadoop, \url{http://hadoop.apache.org/}}
}

@misc{bdas,
title={Berkley Data Analysis Stack, \url{https://amplab.cs.berkeley.edu/software/}}
}

@article{buyya1999high,
  title={High performance cluster computing: Architectures and systems (volume 1)},
  author={Buyya, Rajkumar and others},
  journal={Prentice Hall, Upper SaddleRiver, NJ, USA},
  volume={1},
  pages={999},
  year={1999}
}

@misc{hpcc,
title={\url{http://hpccsystems.com/}}
}

@article{owens2008gpu,
  title={GPU computing},
  author={Owens, John D and Houston, Mike and Luebke, David and Green, Simon and Stone, John E and Phillips, James C},
  journal={Proceedings of the IEEE},
  volume={96},
  number={5},
  pages={879--899},
  year={2008},
  publisher={IEEE}
}

@article{nickolls2010gpu,
  title={The GPU computing era},
  author={Nickolls, John and Dally, William J},
  journal={IEEE micro},
  volume={30},
  number={2},
  year={2010},
  publisher={IEEE}
}

@inproceedings{francis1991chortle,
  title={Chortle: A technology mapping program for lookup table-based field programmable gate arrays},
  author={Francis, Robert J and Rose, Jonathan and Chung, Kevin},
  booktitle={Proceedings of the 27th ACM/IEEE Design Automation Conference},
  pages={613--619},
  year={1991},
  organization={ACM}
}

@book{thomas2008verilog,
  title={The Verilog{\textregistered} Hardware Description Language},
  author={Thomas, Donald and Moorby, Philip},
  year={2008},
  publisher={Springer Science \& Business Media}
}

@inproceedings{kalavri2013mapreduce,
  title={Mapreduce: Limitations, optimizations and open issues},
  author={Kalavri, Vasiliki and Vlassov, Vladimir},
  booktitle={Trust, Security and Privacy in Computing and Communications (TrustCom), 2013 12th IEEE International Conference on},
  pages={1031--1038},
  year={2013},
  organization={IEEE}
}

@article{bu2010haloop,
  title={HaLoop: efficient iterative data processing on large clusters},
  author={Bu, Yingyi and Howe, Bill and Balazinska, Magdalena and Ernst, Michael D},
  journal={Proceedings of the VLDB Endowment},
  volume={3},
  number={1-2},
  pages={285--296},
  year={2010},
  publisher={VLDB Endowment}
}

@inproceedings{ekanayake2008mapreduce,
  title={Mapreduce for data intensive scientific analyses},
  author={Ekanayake, Jaliya and Pallickara, Shrideep and Fox, Geoffrey},
  booktitle={eScience, 2008. eScience'08. IEEE Fourth International Conference on},
  pages={277--284},
  year={2008},
  organization={IEEE}
}

@article{palit2012scalable,
  title={Scalable and parallel boosting with mapreduce},
  author={Palit, Indranil and Reddy, Chandan K},
  journal={IEEE Transactions on Knowledge and Data Engineering},
  volume={24},
  number={10},
  pages={1904--1916},
  year={2012},
  publisher={IEEE}
}

@inproceedings{ekanayake2010twister,
  title={Twister: a runtime for iterative mapreduce},
  author={Ekanayake, Jaliya and Li, Hui and Zhang, Bingjing and Gunarathne, Thilina and Bae, Seung-Hee and Qiu, Judy and Fox, Geoffrey},
  booktitle={Proceedings of the 19th ACM international symposium on high performance distributed computing},
  pages={810--818},
  year={2010},
  organization={ACM}
}

@article{zhang2012imapreduce,
  title={imapreduce: A distributed computing framework for iterative computation},
  author={Zhang, Yanfeng and Gao, Qixin and Gao, Lixin and Wang, Cuirong},
  journal={Journal of Grid Computing},
  volume={10},
  number={1},
  pages={47--68},
  year={2012},
  publisher={Springer}
}

@inproceedings{condie2010mapreduce,
  title={MapReduce online.},
  author={Condie, Tyson and Conway, Neil and Alvaro, Peter and Hellerstein, Joseph M and Elmeleegy, Khaled and Sears, Russell},
  booktitle={Nsdi},
  volume={10},
  number={4},
  pages={20},
  year={2010}
}
