@book{akerkar2013big,
  title={Big data computing},
  author={Akerkar, Rajendra},
  year={2013},
  publisher={Crc Press}
}